@online{ref_donald_knuth,
    author = "Donald Knuth",
    title = "monTitre: Computers and Typesetting",
    url  = "http://www-cs-faculty.stanford.edu/~uno/abcde.html",
    addendum = "(accessed: 01.09.2016)",
    keywords = "latex,knuth"
}


@online{ref_DexFormatvsJavabytecode,
    author = "Dominique Revuz",
    title = "Dex Format vs Java bytecode",
    url  = "https://igm.univ-mlv.fr/~dr/XPOSE2010/Dalvik_Dex_Format_vs_Java_bytecode/javaInternal.html",
}

@online{ref_specifications_java,
    author = "Oracle",
    title = "Java Language and Virtual Machine Specifications",
    url  = "https://docs.oracle.com/javase/specs/",
}
